@book{ninguem2022curioso,
    author = {Senhor Ninguem},
    title = {O curioso caso do livro que ninguém escreveu},
    publisher = {Editora Fantasia},
    address = {Terra do Nunca},
    year = {2022},
    note = {Acessado em: 09 jan. 2022.}
}

@article{alguem2022nada,
  title={Nada de interessante},
  author={Seu Alguem},
  journal={Desconhecido},
  volume={1},
  number={1},
  pages={1--10},
  year={2022},
  publisher={Editora Imaginação},
  note={Acessado em : 09 mar. 2023.}
}

@misc{mongo:2024,
  author = {MongoDB},
  title = {MongoDB},
  month = {março},
  year = {2024},
  url={https://www.mongodb.com/pt-br},
  note={Acessado em: 09 mar. 2024.}
}

 @BOOK{oliveira_SO2009,
    author = {Oliveira, R{\^o}mulo Silva de and CARISSIMI, Alexandre da S. and TOSCANI, Sim{\~a}o S.},
    title = {Sistemas Operacionais},
    publisher = {UFRGS},
    year={2009},
    volume={4 ed},
    pages={370},
    url={https://integrada.minhabiblioteca.com.br/#/books/9788577806874/},
    note={Acessado em : 09 mar. 2023.}
 }

 @misc{DB:2024,
   author = {PNGEGG},
   title = {icone Banco de Dados},
   month = {março},
   year = {2024},
   url={https://www.pngegg.com/pt/png-pghqf/download},
   note={Acessado em: 09 mar. 2024.}
 }

 @misc{histdb:2024,
   author = {DEVMEIA},
   title = {A História dos Banco de Dados},
   month = {março},
   year = {2024},
   url={https://www.devmedia.com.br/a-historia-dos-banco-de-dados/1678},
   note={Acessado em: 09 mar. 2024.}
 }
